%% This BibTeX bibliography file was created using BibDesk.
%% http://bibdesk.sourceforge.net/

%% Created for 张心怡 at 2017-12-13 14:25:00 -0800 


%% Saved with string encoding Unicode (UTF-8) 



@article{selection,
	Author = {Anupriya Shukla, Hari Mohan Pandey and Deepti Mehrotra},
	Date-Added = {2017-12-11 01:48:41 +0000},
	Date-Modified = {2017-12-11 01:50:41 +0000},
	Title = {Comparative Review of Selection Techniques in Genetic Algorithm},
	Year = {2015}}

@book{compute,
	Author = {Geof H. Givens and Jennifer A. Hoeting},
	Date-Added = {2017-12-11 01:41:13 +0000},
	Date-Modified = {2017-12-11 01:42:51 +0000},
	Publisher = {Wiley},
	Title = {Computational Statistics},
	Year = {2013}}
